@inproceedings{DBLP:conf/kdd/LeskovecF06,
  author    = {Jure Leskovec and
               Christos Faloutsos},
  title     = {Sampling from large graphs},
  booktitle = {KDD},
  year      = {2006},
  pages     = {631-636},
 }

@inproceedings{DBLP:conf/sigcomm/FaloutsosFF99,
  author    = {Michalis Faloutsos and Petros Faloutsos and Christos Faloutsos},
  title     = {On Power-law Relationships of the Internet Topology},
  booktitle = {SIGCOMM},
  year      = {1999},
  pages     = {251-262},
}

@inproceedings{Fiduccia:klvar,
  author    = {C. Fiduccia and R. Mattheyses},
  title     = {A Linear Time Heuristics for Improving Network Partitions},
  booktitle = {19th ACM/IEEE Design Automation Conf.},
  year      = {1982},
  pages     = {175-181},
}

@ARTICLE{Newman:complexnetwork,
  author =       {M. E. J. Newman},
  title =        {The structure and function of complex networks},
  journal =      {SIAM Review},
  year =         {2003},
  volume =       {45},
  pages =        {167-256},
}

@ARTICLE{Luxburg:spectralcluster,
  author =       {U. Von Luxburg},
  title =        { A tutorial on spectral clustering},
  journal =      {Statistics and Computing},
  year =         {2007},
  volume =       {17(4)},
  pages =        {395-416},
}

@ARTICLE{Kernighan:kl,
  author =       {B. Kernighan and S. Lin},
  title =        {An Efficient Heuristic Procedure for partitioning graphs},
  journal =      {The Bell System Technical Journal},
  year =         {1970},
  volume =       {49},
  pages =        {0-0},
}

@ARTICLE{Battiti:minmaxgreedy,
  author =       {Roberto Battiti and Alan Albert Bertossi},
  title =        {Greedy, Prohibition, and Reactive Heuristics for Graph Partitioning},
  journal =      {IEEE TRANSACTIONS ON COMPUTERS},
  year =         {1999},
  volume =       {48},
  no=             {4},
  pages =        {361-385},
}

@ARTICLE{Laguna:greedy,
  author =       {M. Laguna and T.A.Feo and H.C.Elrod},
  title =        {A Greedy Randomized Adaptive Search Procedure for the Two-Partition Problem},
  journal =      {Operations Research},
  year =         {1994},
  volume =       {42},
  pages =        {677-687},
}

@ARTICLE{Lang:multilevel,
  author =  {K. Lang and S. Rao},
  title = {A flow-based method for improving the expansion or conductance of graph cuts},
  journal = {Lecture notes in computer science},
  year = {2004},
  volume = {0},
  pages = {325-337},
}

@ARTICLE{Teng:multilevel,
  author =  {S.H. Teng},
  title = {Coarsening, sampling, and smoothing: Elements of the multilevel method},
  journal = {Algorithms for Parallel Processing},
  year = {1999},
  volume = {105},
  pages = {247-276},
}

@ARTICLE{Dhillon:multilevel,
  author =  {I.S.Dhillon and Y.Guan and B.Kulis},
  title = {Weighted Graph Cuts without Eigen-vectors: A Multilevel Approach},
  journal = {IEEE Trans. Pattern Anal. Mach. Intell.},
  year = {2007},
  volume = {29(11)},
  pages = {1944-1957},
}

@ARTICLE{Pavlos:weightedsampling,
  author =  {Pavlos S. Efraimidis and Paul G. Skpirakis},
  title = {Weighted Random Sampling With a Reservoir},
  journal = {Information Processing Letters},
  year = {2006},
  volume = {97},
  pages = {181-185},
}

@ARTICLE{BA:randomgraph,
  author =  {Albert-Laszlo Barabasi and Reka Albert},
  title = {Emergence of Scaling in Random Networks},
  journal = {Science},
  year = {1999},
  volume = {286},
  pages = {509-512},
}

@ARTICLE{Arora:MultilevelHybrid,
  author =  {Arora A and Kaur K},
  title = {Enhanced Multilevel Hybrid Algorithm for Graph Partitioning},
  journal = {International Journal of Computer Applications},
  year = {2015},
  volume = {120},
  pages = {16-19},
}

@ARTICLE{Chen:DistributedGraphPartitioning,
  author =  {Chen T and Li B},
  title = {A Distributed Graph Partitioning Algorithm for Processing Large Graphs},
  journal = {Service-Oriented System Engineering, IEEE},
  year = {2016},
  pages = {53-59},
}

@ARTICLE{Echbarthi:Fractionalgreedy,
  author =  {Echbarthi G and Kheddouci H},
  title = {Fractional greedy and partial restreaming partitioning: New methods for massive graph partitioning},
  journal = {IEEE International Conference on Big Data},
  year = {2014},
  pages = {25-32},
}

@ARTICLE{Yang:partitionmanagement,
  author =  {Yang S, Yan X, Zong B, et al},
  title = {Towards effective partition management for large graphs},
  journal = {Proceedings of the ACM SIGMOD International Conference on Management of Data},
  year = {2012},
  pages = {517-528},
}

@ARTICLE{Firth:Workload,
  author =  {Firth H, Missier P},
  title = {Workload-Aware Streaming Graph Partitioning},
  journal = {Graphq Workshop, Co-Located with EDBT},
  year = {2016},
  pages = {517-528},
}

@ARTICLE{Xu:heterogeneous,
  author =  {Xu N, Cui B, Chen L, et al},
  title = {Heterogeneous Environment Aware Streaming Graph Partitioning},
  journal = {IEEE Transactions on Knowledge and Data Engineering},
  year = {2015},
  volume = {27(6)}
  pages = {1560-1572},
}

@ARTICLE{Stanton:balancedrandomgraph,
  author =  {Stanton I},
  title = {Streaming balanced graph partitioning algorithms for random graphs},
  journal = {Acm-Siam Symposium on Discrete Algorithms},
  year = {2014},
  pages = {1287-1301},
}

@ARTICLE{Petroni:HDRF,
  author =  {Petroni F, Querzoni L, Daudjee K, et al.},
  title = {HDRF: Stream-Based Partitioning for Power-Law Graphs},
  journal = {Proceedings of the 24th ACM International Conference on Information and Knowledge Management},
  year = {2015},
  pages = {243-252},
}

@ARTICLE{Sajjad:BoostingPartitioning,
  author =  {Sajjad H P, Payberah A H, Rahimian F},
  title = {Boosting Vertex-Cut Partitioning for Streaming Graphs},
  journal = {IEEE International Congress on Big Data},
  year = {2016},
  pages = {1-8},
}

@ARTICLE{Nishimura:versatile,
  author = {J. Nishimura and J. Ugander},
  title = {Restreaming graph partitioning: simple versatile algorithms for advanced balancing},
  journal = {Proceedings of the 19th ACM SIGKDD international conference on Knowledge discovery and data mining},
  year = {2013},
  pages = {1106¨C1114},
}

@BOOK{Milton:mathbook,
  editor =       {Milton Abramowitz and Irene A. Stegun},
  title =        {Handbook of Mathematical Functions: With Formulas, Graphs, and Mathematical Tables},
  publisher =    {Courier Dover Publications},
  year =         {1964},
  edition =      {9th},
  isbn =         {0486158241, 9780486158242},
}

@TECHREPORT{Karger:mincut,
  author =       {David R. Karger},
  title =        {Random Sampling in Graph Optimization Problems},
  institution =  {Stanford University},
  year =         {1995},
  type =         {Technical Report},
  number =       {95-1541},
  month =        {January},
 }

 @TECHREPORT{Charalampos:fennel,
  author =       {Charalampos E. Tsourakakis and Christos Gkantsidis and Bozidar Radunovic and Milan Vojnovic},
  title =        {FENNEL: Streaming Graph Partitioning for Massive Scale Graphs},
  institution =  {Microsoft Research},
  year =         {2012},
  type =         {Technical Report},
  number =       {MSR-TR-2012-113},
  month =        {November},
 }

 @TECHREPORT{Stanton:streampartition,
  author =       {Isabelle Stanton and Gabriel Kliot},
  title =        {Streaming Graph Partitioning for Large Distributed Graphs},
  institution =  {Microsoft Research Institution},
  year =         {2011},
  type =         {Technical Report},
  number =       {MSR-TR-2011-121},
  month =        {November},
 }

 @BOOK{Yves:samplebook,
  editor =       {Yves Till},
  title =        {Sampling Algorithms},
  publisher =    {Springer},
  year =         {2006},
  edition =      {2006},
  isbn =         {0387308148, 9780387308142 },
}

@BOOK{DBLP:books/sp/social11,
  editor    = {Charu C. Aggarwal},
  title     = {Social Network Data Analytics},
  publisher = {Springer},
  year      = {2011},
  isbn      = {978-1-4419-8461-6},
  bibsource = {DBLP, http://dblp.uni-trier.de}
}
